%\begin{thebibliography}{9}
%\bibitem{ref:colocation} Abbott, P. "Tricks of the Trade: Legendre-Gauss Quadrature." Mathematica J. 9, 689-691, 2005. 
%\end{thebibliography}


@ARTICLE{2006astro.ph..9591A,
   author = {{Albrecht}, A. and others},
    title = "{Report of the Dark Energy Task Force}",
   journal = {ArXiv e-prints (astro-ph/060959)},
   eprint = {arXiv:1},
  keywords = {Astrophysics},
     year = 2006,
    month = sep,
   adsurl = {http://adsabs.harvard.edu/abs/2006astro.ph..9591A},
  adsnote = {Provided by the SAO/NASA Astrophysics Data System},
  note = {preprint (astro-ph/060959)}
}


@ARTICLE{2000ApJ...544...21G,
   author = {{Goldberg}, D.~M. and {Spergel}, D.~N.},
    title = "{Using Perturbative Least Action to Recover Cosmological Initial Conditions}",
  journal = {\apj},
   eprint = {arXiv:astro-ph/9912408},
 keywords = {Cosmology: Theory, Galaxies: Kinematics and Dynamics, Cosmology: Large-Scale Structure of Universe, Methods: n-Body Simulations, Methods: Numerical},
     year = 2000,
    month = nov,
   volume = 544,
    pages = {21-29},
      doi = {10.1086/317182},
   adsurl = {http://adsabs.harvard.edu/abs/2000ApJ...544...21G},
  adsnote = {Provided by the SAO/NASA Astrophysics Data System}
}

@ARTICLE{2010arXiv1008.3506Z,
   author = {{Zhang}, {T.-J.} and {Yu}, {H.-R.} and {Harnois-D{\'e}raps}, J. and
        {MacDonald}, I. and {Pen}, {U.-L.}},
    title = "{Increasing the Fisher Information Content in the Matter Power Spectrum by Non-linear Wavelet Weiner Filtering}",
  journal = {ArXiv e-prints},
archivePrefix = "arXiv",
   eprint = {1008.3506},
 primaryClass = "astro-ph.CO",
 keywords = {Astrophysics - Cosmology and Extragalactic Astrophysics},
     year = 2010,
    month = aug,
   adsurl = {http://adsabs.harvard.edu/abs/2010arXiv1008.3506Z},
  adsnote = {Provided by the SAO/NASA Astrophysics Data System}
}

@ARTICLE{Vafaei10,
   author = {{Vafaei}, S. and {Lu}, T. and {van Waerbeke}, L. and {Semboloni}, E. and 
        {Heymans}, C. and {Pen}, U.-L.},
    title = "{Breaking the degeneracy: Optimal use of three-point weak lensing statistics}",
  journal = {Astroparticle Physics},
archivePrefix = "arXiv",
   eprint = {0905.3726},
 primaryClass = "astro-ph.CO",
     year = 2010,
    month = jan,
   volume = 32,
    pages = {340-351},
      doi = {10.1016/j.astropartphys.2009.10.003},
   adsurl = {http://adsabs.harvard.edu/abs/2010APh....32..340V},
  adsnote = {Provided by the SAO/NASA Astrophysics Data System}
}

%CFHTLenS Cosmology
@ARTICLE{2007MNRAS.381..702B,
   author = {{Benjamin}, J. and {Heymans}, C. and {Semboloni}, E. and {van Waerbeke}, L. and 
        {Hoekstra}, H. and {Erben}, T. and {Gladders}, M.~D. and {Hetterscheidt}, M. and 
        {Mellier}, Y. and {Yee}, H.~K.~C.},
    title = "{Cosmological constraints from the 100-deg$^{2}$ weak-lensing survey}",
  journal = {\mnras},
   eprint = {arXiv:astro-ph/0703570},
 keywords = {gravitational lensing, cosmological parameters, cosmology: observations, large-scale structure of Universe},
     year = 2007,
    month = oct,
   volume = 381,
    pages = {702-712},
      doi = {10.1111/j.1365-2966.2007.12202.x},
   adsurl = {http://adsabs.harvard.edu/abs/2007MNRAS.381..702B},
  adsnote = {Provided by the SAO/NASA Astrophysics Data System}
}

%CFHTLS
@INPROCEEDINGS{2012AAS...21913001H,
   author = {{Heymans}, C. and {CFHTLenS Collaboration}},
    title = "{The CFHT Lensing Survey}",
booktitle = {American Astronomical Society Meeting Abstracts},
     year = 2012,
   series = {American Astronomical Society Meeting Abstracts},
   volume = 219,
    month = jan,
    pages = {130.01},
   adsurl = {http://adsabs.harvard.edu/abs/2012AAS...21913001H},
  adsnote = {Provided by the SAO/NASA Astrophysics Data System}
}

%PM code
@ARTICLE{1995astro.ph..3042F,
   author = {{Ferrell}, R.~C. and {Bertschinger}, E.},
    title = "{A Parallel Processing Algorithm for Computing Short-Range Particle Forces with Inhomogeneous Particle Distributions}",
  journal = {ArXiv Astrophysics e-prints},
   eprint = {arXiv:astro-ph/9503042},
 keywords = {Astrophysics, Nonlinear Sciences - Cellular Automata and Lattice Gases},
     year = 1995,
    month = mar,
   adsurl = {http://adsabs.harvard.edu/abs/1995astro.ph..3042F},
  adsnote = {Provided by the SAO/NASA Astrophysics Data System}
}

%GADGET-1
@ARTICLE{2001NewA....6...79S,
   author = {{Springel}, V. and {Yoshida}, N. and {White}, S.~D.~M.},
    title = "{GADGET: a code for collisionless and gasdynamical cosmological simulations}",
  journal = {New Astronomy},
   eprint = {arXiv:astro-ph/0003162},
     year = 2001,
    month = apr,
   volume = 6,
    pages = {79-117},
      doi = {10.1016/S1384-1076(01)00042-2},
   adsurl = {http://adsabs.harvard.edu/abs/2001NewA....6...79S},
  adsnote = {Provided by the SAO/NASA Astrophysics Data System}
}

%Gadget-2
@ARTICLE{2005MNRAS.364.1105S,
   author = {{Springel}, V.},
    title = "{The cosmological simulation code GADGET-2}",
  journal = {\mnras},
   eprint = {arXiv:astro-ph/0505010},
 keywords = {methods: numerical, galaxies: interactions, dark matter},
     year = 2005,
    month = dec,
   volume = 364,
    pages = {1105-1134},
      doi = {10.1111/j.1365-2966.2005.09655.x},
   adsurl = {http://adsabs.harvard.edu/abs/2005MNRAS.364.1105S},
  adsnote = {Provided by the SAO/NASA Astrophysics Data System}
}

%Hydra
@ARTICLE{1995ApJ...452..797C,
   author = {{Couchman}, H.~M.~P. and {Thomas}, P.~A. and {Pearce}, F.~R.
	},
    title = "{Hydra: an Adaptive-Mesh Implementation of P 3M-SPH}",
  journal = {\apj},
   eprint = {arXiv:astro-ph/9409058},
 keywords = {HYDRODYNAMICS, METHODS: NUMERICAL},
     year = 1995,
    month = oct,
   volume = 452,
    pages = {797},
      doi = {10.1086/176348},
   adsurl = {http://adsabs.harvard.edu/abs/1995ApJ...452..797C},
  adsnote = {Provided by the SAO/NASA Astrophysics Data System}
}

%Review on f_nl
@ARTICLE{2004PhR...402..103B,
   author = {{Bartolo}, N. and {Komatsu}, E. and {Matarrese}, S. and {Riotto}, A.
	},
    title = "{Non-Gaussianity from inflation: theory and observations}",
  journal = {\physrep},
   eprint = {arXiv:astro-ph/0406398},
     year = 2004,
    month = nov,
   volume = 402,
    pages = {103-266},
      doi = {10.1016/j.physrep.2004.08.022},
   adsurl = {http://adsabs.harvard.edu/abs/2004PhR...402..103B},
  adsnote = {Provided by the SAO/NASA Astrophysics Data System}
}
%Weak lensing in SDSS, cosmology
@ARTICLE{2009ApJ...703.2232S,
   author = {{Sheldon}, E.~S. and {Johnston}, D.~E. and {Masjedi}, M. and 
	{McKay}, T.~A. and {Blanton}, M.~R. and {Scranton}, R. and {Wechsler}, R.~H. and 
	{Koester}, B.~P. and {Hansen}, S.~M. and {Frieman}, J.~A. and 
	{Annis}, J.},
    title = "{Cross-correlation Weak Lensing of SDSS Galaxy Clusters. III. Mass-to-Light Ratios}",
  journal = {\apj},
archivePrefix = "arXiv",
   eprint = {0709.1162},
 keywords = {dark matter, galaxies: clusters: general, gravitational lensing, large-scale structure of universe},
     year = 2009,
    month = oct,
   volume = 703,
    pages = {2232-2248},
      doi = {10.1088/0004-637X/703/2/2232},
   adsurl = {http://adsabs.harvard.edu/abs/2009ApJ...703.2232S},
  adsnote = {Provided by the SAO/NASA Astrophysics Data System}
}

@ARTICLE{2010arXiv1012.0444Y,
   author = {{Yu}, {H.-R.} and {Zhang}, {T.-J.} and {Harnois-D{\'e}raps}, J. and
        {Pen}, {U.-L.}},
    title = "{Information Content in the Angular Power Spectrum of Weak Lensing: Wavelet Method}",
  journal = {ArXiv e-prints},
archivePrefix = "arXiv",
   eprint = {1012.0444},
 primaryClass = "astro-ph.CO",
 keywords = {Astrophysics - Cosmology and Extragalactic Astrophysics},
     year = 2010,
    month = dec,
   adsurl = {http://adsabs.harvard.edu/abs/2010arXiv1012.0444Y},
  adsnote = {Provided by the SAO/NASA Astrophysics Data System}
}

@ARTICLE{2009ApJ...701..945S,
   author = {{Sato}, M. and {Hamana}, T. and {Takahashi}, R. and {Takada}, M. and 
        {Yoshida}, N. and {Matsubara}, T. and {Sugiyama}, N.},
    title = "{Simulations of Wide-Field Weak Lensing Surveys. I. Basic Statistics and Non-Gaussian Effects}",
  journal = {\apj},
archivePrefix = "arXiv",
   eprint = {0906.2237},
 primaryClass = "astro-ph.CO",
 keywords = {cosmology: theory, gravitational lensing, large-scale structure of universe, methods: numerical},
     year = 2009,
    month = aug,
   volume = 701,
    pages = {945-954},
      doi = {10.1088/0004-637X/701/2/945},
   adsurl = {http://adsabs.harvard.edu/abs/2009ApJ...701..945S},
  adsnote = {Provided by the SAO/NASA Astrophysics Data System}
}


@ARTICLE{2005MNRAS.360L..82R,
   author = {{Rimes}, C.~D. and {Hamilton}, A.~J.~S.},
    title = "{Information content of the non-linear matter power spectrum}",
  journal = {\mnras},
   eprint = {arXiv:astro-ph/0502081},
     year = 2005,
    month = jun,
   volume = 360,
    pages = {L82-L86},
      doi = {10.1111/j.1745-3933.2005.00051.x},
   adsurl = {http://adsabs.harvard.edu/abs/2005MNRAS.360L..82R},
  adsnote = {Provided by the SAO/NASA Astrophysics Data System}
}

% DATA ANALYSIS WITH GAUSSIAN APPROXIMATION
@ARTICLE{1994ApJ...426...23F,
   author = {{Feldman}, H.~A. and {Kaiser}, N. and {Peacock}, J.~A.},
    title = "{Power-spectrum analysis of three-dimensional redshift surveys}",
  journal = {\apj},
   eprint = {arXiv:astro-ph/9304022},
 keywords = {ASTRONOMICAL MODELS, COSMOLOGY, DARK MATTER, NORMAL DENSITY FUNCTIONS, POWER SPECTRA, RED SHIFT, SKY SURVEYS (ASTRONOMY), THREE DIMENSIONAL MODELS, FOURIER TRANSFORMATION, INFRARED ASTRONOMY SATELLITE, STOCHASTIC PROCESSES, WEIGHTING FUNCTIONS},
     year = 1994,
    month = may,
   volume = 426,
    pages = {23-37},
      doi = {10.1086/174036},
   adsurl = {http://adsabs.harvard.edu/abs/1994ApJ...426...23F},
}

% BAO + SDSS + 2df
@ARTICLE{2007MNRAS.381.1053P,
   author = {{Percival}, W.~J. and {Cole}, S. and {Eisenstein}, D.~J. and
        {Nichol}, R.~C. and {Peacock}, J.~A. and {Pope}, A.~C. and {Szalay}, A.~S.
        },
    title = "{Measuring the Baryon Acoustic Oscillation scale using the Sloan Digital Sky Survey and 2dF Galaxy Redshift Survey}",
  journal = {\mnras},
archivePrefix = "arXiv",
   eprint = {0705.3323},
 keywords = {cosmology: observations , distance scale , large-scale structure of Universe},
     year = 2007,
    month = nov,
   volume = 381,
    pages = {1053-1066},
      doi = {10.1111/j.1365-2966.2007.12268.x},
   adsurl = {http://adsabs.harvard.edu/abs/2007MNRAS.381.1053P},
  adsnote = {Provided by the SAO/NASA Astrophysics Data System}
}


%2dFGRS
@ARTICLE{2003astro.ph..6581C,
   author = {{Colless}, M. and others},
    title = "{The 2dF Galaxy Redshift Survey: Final Data Release}",
  journal = {ArXiv e-prints (astro-ph/0306581)},
   eprint = {arXiv:astro-ph/0306581},
 keywords = {Astrophysics},
     year = 2003,
    month = jun,
   adsurl = {http://adsabs.harvard.edu/abs/2003astro.ph..6581C},
  adsnote = {Provided by the SAO/NASA Astrophysics Data System}
}

%2dFGRS power spectrum
@ARTICLE{2001MNRAS.327.1297P,
   author = {{Percival}, W.~J. and others},
    title = "{The 2dF Galaxy Redshift Survey: the power spectrum and the matter content of the Universe}",
  journal = {\mnras},
   eprint = {arXiv:astro-ph/0105252},
 keywords = {COSMOLOGICAL PARAMETERS, LARGE-SCALE STRUCTURE OF UNIVERSE},
     year = 2001,
    month = nov,
   volume = 327,
    pages = {1297-1306},
      doi = {10.1046/j.1365-8711.2001.04827.x},
   adsurl = {http://adsabs.harvard.edu/abs/2001MNRAS.327.1297P},
  adsnote = {Provided by the SAO/NASA Astrophysics Data System}
}



%SDSS
@ARTICLE{2000AJ....120.1579Y,
   author = {{York}, D.~G. and others},
    title = "{The Sloan Digital Sky Survey: Technical Summary}",
  journal = {\aj},
   eprint = {arXiv:astro-ph/0006396},
 keywords = {Cosmology: Observations, Instrumentation: Miscellaneous},
     year = 2000,
    month = sep,
   volume = 120,
    pages = {1579-1587},
      doi = {10.1086/301513},
   adsurl = {http://adsabs.harvard.edu/abs/2000AJ....120.1579Y},
  adsnote = {Provided by the SAO/NASA Astrophysics Data System}
}


%Wiggle-Z BAO
@ARTICLE{2011arXiv1105.2862B,
   author = {{Blake}, C. and others},
    title = "{The WiggleZ Dark Energy Survey: testing the cosmological model with baryon acoustic oscillations at z=0.6}",
  journal = {ArXiv e-prints (astro-ph/1105.2862)},
archivePrefix = "arXiv",
   eprint = {1105.2862},
 primaryClass = "astro-ph.CO",
 keywords = {Astrophysics - Cosmology and Extragalactic Astrophysics},
     year = 2011,
    month = may,
   adsurl = {http://adsabs.harvard.edu/abs/2011arXiv1105.2862B},
  adsnote = {Provided by the SAO/NASA Astrophysics Data System}
}

%Wiggle-z survey
@ARTICLE{2010MNRAS.401.1429D,
   author = {{Drinkwater}, M.~J. and others},
    title = "{The WiggleZ Dark Energy Survey: survey design and first data release}",
  journal = {\mnras},
archivePrefix = "arXiv",
   eprint = {0911.4246},
 primaryClass = "astro-ph.CO",
 keywords = {surveys, galaxies: high-redshift, galaxies: photometry, galaxies: starburst, cosmology: observations, ultraviolet: galaxies},
     year = 2010,
    month = jan,
   volume = 401,
    pages = {1429-1452},
      doi = {10.1111/j.1365-2966.2009.15754.x},
   adsurl = {http://adsabs.harvard.edu/abs/2010MNRAS.401.1429D},
  adsnote = {Provided by the SAO/NASA Astrophysics Data System}
}



%Euclid
@INPROCEEDINGS{2010ASPC..430..266B,
   author = {{Beaulieu}, J.~P. and others},
    title = "{EUCLID: Dark Universe Probe and Microlensing Planet Hunter}",
booktitle = {Pathways Towards Habitable Planets},
     year = 2010,
   series = {Astronomical Society of the Pacific Conference Series},
   volume = 430,
archivePrefix = "arXiv",
   eprint = {1001.3349},
 primaryClass = "astro-ph.EP",
   editor = "{V.~Coud{\'e} Du Foresto, D.~M.~Gelino, \& I.~Ribas}",
    month = oct,
    pages = {266-+},
   adsurl = {http://adsabs.harvard.edu/abs/2010ASPC..430..266B},
  adsnote = {Provided by the SAO/NASA Astrophysics Data System}
}

% Japan paper #3
@ARTICLE{2011ApJ...726....7T,
   author = {{Takahashi}, R. and others},
    title = "{Non-Gaussian Error Contribution to Likelihood Analysis of the Matter Power Spectrum}",
  journal = {\apj},
archivePrefix = "arXiv",
   eprint = {0912.1381},
 primaryClass = "astro-ph.CO",
 keywords = {cosmology: theory, large-scale structure of universe},
     year = 2011,
    month = jan,
   volume = 726,
    pages = {7-+},
      doi = {10.1088/0004-637X/726/1/7},
   adsurl = {http://adsabs.harvard.edu/abs/2011ApJ...726....7T},
  adsnote = {Provided by the SAO/NASA Astrophysics Data System}
}


%LSST
@ARTICLE{2009arXiv0912.0201L,
   author = {{LSST Science Collaborations} and others},
    title = "{LSST Science Book, Version 2.0}",
  journal = {ArXiv e-prints (astro-ph/0912.0201)},
archivePrefix = "arXiv",
   eprint = {0912.0201},
 primaryClass = "astro-ph.IM",
 keywords = {Astrophysics - Instrumentation and Methods for Astrophysics, Astrophysics - Cosmology and Extragalactic Astrophysics, Astrophysics - Earth and Planetary Astrophysics, Astrophysics - Galaxy Astrophysics, Astrophysics - Solar and Stellar Astrophysics},
     year = 2009,
    month = dec,
   adsurl = {http://adsabs.harvard.edu/abs/2009arXiv0912.0201L},
  adsnote = {Provided by the SAO/NASA Astrophysics Data System}
}


% BAO DETECTION
@Article{Eisenstein:2005su,
     author    = "Eisenstein, Daniel J. and others",
 collaboration = "SDSS",
     title     = "{Detection of the Baryon Acoustic Peak in the Large-Scale
                  Correlation Function of SDSS Luminous Red Galaxies}",
     journal   = {\apj},
     volume    = "633",
     year      = "2005",
     pages     = "560-574",
     eprint    = "astro-ph/0501171",
     archivePrefix = "arXiv",
     doi       = "10.1086/466512",
     SLACcitation  = "%%CITATION = ASTRO-PH/0501171;%%"
}

%Japaneese II

@ARTICLE{2009ApJ...700..479T,
   author = {{Takahashi}, R. and others},
    title = "{Simulations of Baryon Acoustic Oscillations. II. Covariance Matrix of the Matter Power Spectrum}",
  journal = {\apj},
archivePrefix = "arXiv",
   eprint = {0902.0371},
 primaryClass = "astro-ph.CO",
 keywords = {large-scale structure of universe, cosmology: theory},
     year = 2009,
    month = jul,
   volume = 700,
    pages = {479-490},
      doi = {10.1088/0004-637X/700/1/479},
   adsurl = {http://adsabs.harvard.edu/abs/2009ApJ...700..479T},
  adsnote = {Provided by the SAO/NASA Astrophysics Data System}
}



%SDSS P(k)
@ARTICLE{2006A&A...449..891H,
   author = {{H{\"u}tsi}, G.},
    title = "{Acoustic oscillations in the SDSS DR4 luminous red galaxy sample power spectrum}",
  journal = {\aap},
   eprint = {arXiv:astro-ph/0512201},
 keywords = {large-scale structure of Universe},
     year = 2006,
    month = apr,
   volume = 449,
    pages = {891-902},
      doi = {10.1051/0004-6361:20053939},
   adsurl = {http://adsabs.harvard.edu/abs/2006A%26A...449..891H},
  adsnote = {Provided by the SAO/NASA Astrophysics Data System}
}


@ARTICLE{2010PhRvD..81l3015L,
   author = {{Lu}, T. and {Pen}, U.-L. and {Dor{\'e}}, O.},
    title = "{Dark energy from large-scale structure lensing information}",
  journal = {\prd},
archivePrefix = "arXiv",
   eprint = {0905.0499},
 primaryClass = "astro-ph.CO",
 keywords = {Superclusters; large-scale structure of the Universe, Dark energy, Gravitational lenses and luminous arcs},
     year = 2010,
    month = jun,
   volume = 81,
   number = 12,
    pages = {123015-+},
      doi = {10.1103/PhysRevD.81.123015},
   adsurl = {http://adsabs.harvard.edu/abs/2010PhRvD..81l3015L},
  adsnote = {Provided by the SAO/NASA Astrophysics Data System}
}


%CMBFAST
@ARTICLE{1996ApJ...469..437S,
   author = {{Seljak}, U. and {Zaldarriaga}, M.},
    title = "{A Line-of-Sight Integration Approach to Cosmic Microwave Background Anisotropies}",
  journal = {\apj},
   eprint = {arXiv:astro-ph/9603033},
 keywords = {COSMOLOGY: COSMIC MICROWAVE BACKGROUND, COSMOLOGY: THEORY, METHODS: NUMERICAL},
     year = 1996,
    month = oct,
   volume = 469,
    pages = {437-+},
      doi = {10.1086/177793},
   adsurl = {http://adsabs.harvard.edu/abs/1996ApJ...469..437S},
  adsnote = {Provided by the SAO/NASA Astrophysics Data System}
}

%CAMB
@Article{Lewis:1999bs,
     author    = "Lewis, Antony and Challinor, Anthony and Lasenby, Anthony",
     title     = "Efficient Computation of {CMB} anisotropies in closed {FRW}
                  models",
     journal   = "Astrophys. J.",
     volume    = "538",
     year      = "2000",
     pages     = "473-476",
     eprint    = "astro-ph/9911177",

     SLACcitation  = "%%CITATION = ASTRO-PH 9911177;%%"
}


%FFTW3
@INPROCEEDINGS{FFTW3,
    author = {{Frigo},M. and {Johnson}, S.},
    title = "{The Design and Implementation of FFTW3}" ,
    booktitle  = "{Proceedings of the IEEE}",
    year  = 2005,
    volume = 93, 
    pages = {216-231}
}

@ARTICLE{2011arXiv1106.5548N,
   author = {{Ngan}, W.-H.~W. and {Harnois-D{\'e}raps}, J. and {Pen}, U.-L. and 
	{McDonald}, P. and {MacDonald}, I.},
    title = "{Non-Gaussian errors of baryonic acoustic oscillations}",
  journal = {ArXiv e-prints (astro-ph/1106.5548)},
archivePrefix = "arXiv",
   eprint = {1106.5548},
 primaryClass = "astro-ph.CO",
 keywords = {Astrophysics - Cosmology and Extragalactic Astrophysics},
     year = 2011,
    month = jun,
   adsurl = {http://adsabs.harvard.edu/abs/2011arXiv1106.5548N},
  adsnote = {Provided by the SAO/NASA Astrophysics Data System}
}

@ARTICLE{2011arXiv1109.5746H,
   author = {{Harnois-Deraps}, J. and {Pen}, U.-L.},
    title = "{Non-Gaussian Error in Galaxy Survey (Part 1)}",
  journal = {ArXiv e-prints},
archivePrefix = "arXiv",
   eprint = {1109.5746},
 primaryClass = "astro-ph.CO",
 keywords = {Astrophysics - Cosmology and Extragalactic Astrophysics},
     year = 2011,
    month = sep,
   adsurl = {http://adsabs.harvard.edu/abs/2011arXiv1109.5746H},
  adsnote = {Provided by the SAO/NASA Astrophysics Data System}
}



@unpublished{Harnois2011,
author = {{Harnois-Deraps}, J. and  {Pen}, U.},
title = "{Estimating  Non-Gaussian Error Bars in Galaxy Surveys (Part 2)}",
year = 2011,
note = "{in prep.}"
}

%PMFAST
@ARTICLE{2005NewA...10..393M,
   author = {{Merz}, H. and {Pen}, U.-L. and {Trac}, H.},
    title = "{Towards optimal parallel PM N-body codes: PMFAST}",
  journal = {New Astronomy},
   eprint = {arXiv:astro-ph/0402443},
 keywords = {02.60.{\minus}Cb, 95.75.Pq, 98.80{\minus}k},
     year = 2005,
    month = apr,
   volume = 10,
    pages = {393-407},
      doi = {10.1016/j.newast.2005.02.001},
   adsurl = {http://adsabs.harvard.edu/abs/2005NewA...10..393M},
  adsnote = {Provided by the SAO/NASA Astrophysics Data System}
}




%CHIME
@ARTICLE{2006astro.ph..6104P,
   author = {{Peterson}, J.~B. and {Bandura}, K. and {Pen}, U.~L.},
    title = "{The Hubble Sphere Hydrogen Survey}",
  journal = {ArXiv  e-prints (astro-ph/0606104)},
   eprint = {arXiv:astro-ph/0606104},
 keywords = {Astrophysics},
     year = 2006,
    month = jun,
   adsurl = {http://adsabs.harvard.edu/abs/2006astro.ph..6104P},
  adsnote = {Provided by the SAO/NASA Astrophysics Data System}
}

%PAU SURVEY
@ARTICLE{2009ApJ...691..241B,
   author = {{Ben{\'{\i}}tez}, N. and others},
    title = "{Measuring Baryon Acoustic Oscillations Along the Line of Sight with Photometric Redshifts: The PAU Survey}",
  journal = {\apj},
archivePrefix = "arXiv",
   eprint = {0807.0535},
 keywords = {cosmological parameters, large-scale structure of universe },
     year = 2009,
    month = jan,
   volume = 691,
    pages = {241-260},
      doi = {10.1088/0004-637X/691/1/241},
   adsurl = {http://adsabs.harvard.edu/abs/2009ApJ...691..241B},
  adsnote = {Provided by the SAO/NASA Astrophysics Data System}
}

% BOSS
@ARTICLE{2009arXiv0902.4680S,
   author = {{Schlegel}, D. and {White}, M. and {Eisenstein}, D.},
    title = "{The Baryon Oscillation Spectroscopic Survey: Precision measurements of the absolute cosmic distance scale}",
  journal = {ArXiv e-prints (astro-ph/0902.4680)},
archivePrefix = "arXiv",
   eprint = {0902.4680},
 keywords = {Astrophysics - Cosmology and Extragalactic Astrophysics, Astrophysics - Galaxy Astrophysics},
     year = 2009,
    month = feb,
   adsurl = {http://adsabs.harvard.edu/abs/2009arXiv0902.4680S},
  adsnote = {Provided by the SAO/NASA Astrophysics Data System}
}

% ADEPT
@ARTICLE{2008PhRvD..78d3514A,
   author = {{Acquaviva}, V. and {Hajian}, A. and {Spergel}, D.~N. and {Das}, S.},
    title = "{Next generation redshift surveys and the origin of cosmic acceleration}",
  journal = {\prd},
archivePrefix = "arXiv",
   eprint = {0803.2236},
     year = 2008,
    month = aug,
   volume = 78,
   number = 4,
    pages = {043514-+},
      doi = {10.1103/PhysRevD.78.043514},
   adsurl = {http://adsabs.harvard.edu/abs/2008PhRvD..78d3514A},
  adsnote = {Provided by the SAO/NASA Astrophysics Data System}
}

%Dark energy from sdss with PKL.
@ARTICLE{2006PhRvD..74l3507T,
   author = {{Tegmark}, M. and others},
    title = "{Cosmological constraints from the SDSS luminous red galaxies}",
  journal = {\prd},
   eprint = {arXiv:astro-ph/0608632},
 keywords = {Observational cosmology},
     year = 2006,
    month = dec,
   volume = 74,
   number = 12,
    pages = {123507-+},
      doi = {10.1103/PhysRevD.74.123507},
   adsurl = {http://adsabs.harvard.edu/abs/2006PhRvD..74l3507T},
  adsnote = {Provided by the SAO/NASA Astrophysics Data System}
}

% PKL method
@ARTICLE{1996ApJ...465...34V,
   author = {{Vogeley}, M.~S. and {Szalay}, A.~S.},
    title = "{Eigenmode Analysis of Galaxy Redshift Surveys. I. Theory and Methods}",
  journal = {\apj},
   eprint = {arXiv:astro-ph/9601185},
 keywords = {COSMOLOGY: OBSERVATIONS, GALAXIES: DISTANCES AND REDSHIFTS, COSMOLOGY: LARGE-SCALE STRUCTURE OF UNIVERSE, METHODS: STATISTICAL},
     year = 1996,
    month = jul,
   volume = 465,
    pages = {34-+},
      doi = {10.1086/177399},
   adsurl = {http://adsabs.harvard.edu/abs/1996ApJ...465...34V},
  adsnote = {Provided by the SAO/NASA Astrophysics Data System}
}

% P(k) before FKP
@ARTICLE{1994ApJ...431..569P,
   author = {{Park}, C. and {Vogeley}, M.~S. and {Geller}, M.~J. and {Huchra}, J.~P.
	},
    title = "{Power spectrum, correlation function, and tests for luminosity bias in the CfA redshift survey}",
  journal = {\apj},
 keywords = {DARK MATTER, DATA CORRELATION, GALACTIC CLUSTERS, LUMINOSITY, POWER SPECTRA, RED SHIFT, COMPUTERIZED SIMULATION, COSMOLOGY, GALACTIC EVOLUTION, MANY BODY PROBLEM, NORMAL DENSITY FUNCTIONS},
     year = 1994,
    month = aug,
   volume = 431,
    pages = {569-585},
      doi = {10.1086/174508},
   adsurl = {http://adsabs.harvard.edu/abs/1994ApJ...431..569P},
  adsnote = {Provided by the SAO/NASA Astrophysics Data System}
}

% power spectrum aliasing
@ARTICLE{2005ApJ...620..559J,
   author = {{Jing}, Y.~P.},
    title = "{Correcting for the Alias Effect When Measuring the Power Spectrum Using a Fast Fourier Transform}",
  journal = {\apj},
   eprint = {arXiv:astro-ph/0409240},
 keywords = {Galaxies: Clusters: General, Cosmology: Large-Scale Structure of Universe, Methods: Data Analysis, Methods: Statistical},
     year = 2005,
    month = feb,
   volume = 620,
    pages = {559-563},
      doi = {10.1086/427087},
   adsurl = {http://adsabs.harvard.edu/abs/2005ApJ...620..559J},
  adsnote = {Provided by the SAO/NASA Astrophysics Data System}
}

%SKA
@INPROCEEDINGS{2008AIPC.1035..303L,
   author = {{Lazio}, J.},
    title = "{The Square Kilometer Array}",
 keywords = {Cosmology, Radio telescopes and instrumentation; heterodyne receivers, Interstellar medium  and nebulae in external galaxies, Characteristics and properties of the Milky Way galaxy, Astronomical catalogs, atlases, sky surveys, databases, retrieval systems, archives, etc., Interferometry},
booktitle = {The Evolution of Galaxies Through the Neutral Hydrogen Window},
     year = 2008,
   series = {American Institute of Physics Conference Series},
   volume = 1035,
   editor = "{R.~Minchin \& E.~Momjian}",
    month = aug,
    pages = {303-309},
      doi = {10.1063/1.2973606},
   adsurl = {http://adsabs.harvard.edu/abs/2008AIPC.1035..303L},
  adsnote = {Provided by the SAO/NASA Astrophysics Data System}
}

%Fisher and P(k)
@Article{Tegmark:1997rp,
     author    = "Tegmark, Max",
     title     = "{Measuring cosmological parameters with galaxy surveys}",
     journal   = "Phys. Rev. Lett.",
     volume    = "79",
     year      = "1997",
     pages     = "3806-3809",
     eprint    = "astro-ph/9706198",
     archivePrefix = "arXiv",
     doi       = "10.1103/PhysRevLett.79.3806",
     SLACcitation  = "%%CITATION = ASTRO-PH/9706198;%%"
}

%INFO + HALO
@Article{Neyrinck:2006xd,
     author    = "Neyrinck, Mark C. and Szapudi, Istvan and Rimes,
                  Christopher D.",
     title     = "{The cosmological information content of the halo-model
                  dark-matter power spectrum}",
     journal   = {\mnras},
     volume    = "370",
     year      = "2006",
     pages     = "L66-L70",
     eprint    = "astro-ph/0604282",
     archivePrefix = "arXiv",
     SLACcitation  = "%%CITATION = ASTRO-PH/0604282;%%"
}

@ARTICLE{2005MNRAS.362..505C,
   author = {{Cole}, S. and others},
    title = "{The 2dF Galaxy Redshift Survey: power-spectrum analysis of the final data set and cosmological implications}",
  journal = {\mnras},
   eprint = {arXiv:astro-ph/0501174},
 keywords = {cosmological parameters, large-scale structure of Universe},
     year = 2005,
    month = sep,
   volume = 362,
    pages = {505-534},
      doi = {10.1111/j.1365-2966.2005.09318.x},
   adsurl = {http://adsabs.harvard.edu/abs/2005MNRAS.362..505C},
  adsnote = {Provided by the SAO/NASA Astrophysics Data System}
}


%Deconvolution of P(k)
@ARTICLE{2011PThPh.125..187S,
   author = {{Sato}, T. and {H{\"u}tsi}, G. and {Yamamoto}, K.},
    title = "{Deconvolution of Window Effect in Galaxy Power Spectrum Analysis}",
  journal = {Progress of Theoretical Physics},
archivePrefix = "arXiv",
   eprint = {1010.0289},
 primaryClass = "astro-ph.CO",
     year = 2011,
    month = jan,
   volume = 125,
    pages = {187-197},
   adsurl = {http://adsabs.harvard.edu/abs/2011PThPh.125..187S},
  adsnote = {Provided by the SAO/NASA Astrophysics Data System}
}

% Historical paper about correlation
@ARTICLE{1999MNRAS.308.1179M,
   author = {{Meiksin}, A. and {White}, M.},
    title = "{The growth of correlations in the matter power spectrum}",
  journal = {\mnras},
   eprint = {arXiv:astro-ph/9812129},
     year = 1999,
    month = oct,
   volume = 308,
    pages = {1179-1184},
      doi = {10.1046/j.1365-8711.1999.02825.x},
   adsurl = {http://adsabs.harvard.edu/abs/1999MNRAS.308.1179M},
  adsnote = {Provided by the SAO/NASA Astrophysics Data System}
}



%Fisher Info in Weak Lensing
@ARTICLE{2009arXiv0905.0501D,
   author = {{Dor{\'e}}, O. and {Lu}, T. and {Pen}, U.-L.},
    title = "{The Non-Linear Fisher Information content of cosmic shear surveys}",
  journal = {ArXiv e-prints},
archivePrefix = "arXiv",
   eprint = {0905.0501},
 primaryClass = "astro-ph.CO",
 keywords = {Astrophysics - Cosmology and Extragalactic Astrophysics},
     year = 2009,
    month = may,
   adsurl = {http://adsabs.harvard.edu/abs/2009arXiv0905.0501D},
  adsnote = {Provided by the SAO/NASA Astrophysics Data System}
}
 
@ARTICLE{2008MNRAS.388.1819L,
   author = {{Lu}, T. and {Pen}, U.-L.},
    title = "{Precision of diffuse 21-cm lensing}",
  journal = {\mnras},
archivePrefix = "arXiv",
   eprint = {0710.1108},
 keywords = {gravitational lensing , methods: N-body simulations , cosmology: observations , cosmology: theory , dark matter , large-scale structure of Universe},
     year = 2008,
    month = aug,
   volume = 388,
    pages = {1819-1830},
      doi = {10.1111/j.1365-2966.2008.13524.x},
   adsurl = {http://adsabs.harvard.edu/abs/2008MNRAS.388.1819L},
  adsnote = {Provided by the SAO/NASA Astrophysics Data System}
}

@ARTICLE{2002PhRvD..65f3001H,
   author = {{Huterer}, D.},
    title = "{Weak lensing and dark energy}",
  journal = {\prd},
   eprint = {arXiv:astro-ph/0106399},
 keywords = {Gravitational lenses and luminous arcs, Dark matter, Observational cosmology},
     year = 2002,
    month = mar,
   volume = 65,
   number = 6,
    pages = {063001-+},
      doi = {10.1103/PhysRevD.65.063001},
   adsurl = {http://adsabs.harvard.edu/abs/2002PhRvD..65f3001H},
  adsnote = {Provided by the SAO/NASA Astrophysics Data System}
}


%Hockney Eastwood
@BOOK{1981csup.book.....H,
   author = {{Hockney}, R.~W. and {Eastwood}, J.~W.},
    title = "{Computer Simulation Using Particles}",
booktitle = {Computer Simulation Using Particles, New York: McGraw-Hill, 1981},
     year = 1981,
   editor = "{Hockney, R.~W.~\& Eastwood, J.~W.}",
   adsurl = {http://adsabs.harvard.edu/abs/1981csup.book.....H},
  adsnote = {Provided by the SAO/NASA Astrophysics Data System}
}

@ARTICLE{2003ApJ...592..699V,
   author = {{Vale}, C. and {White}, M.},
    title = "{Simulating Weak Lensing by Large-Scale Structure}",
  journal = {\apj},
   eprint = {arXiv:astro-ph/0303555},
 keywords = {Cosmology: Theory, Cosmology: Gravitational Lensing, Cosmology: Large-Scale Structure of Universe},
     year = 2003,
    month = aug,
   volume = 592,
    pages = {699-709},
      doi = {10.1086/375867},
   adsurl = {http://adsabs.harvard.edu/abs/2003ApJ...592..699V},
  adsnote = {Provided by the SAO/NASA Astrophysics Data System}
}

%Ray-tracing in Millenium Simulations
@ARTICLE{2009A&A...499...31H,
   author = {{Hilbert}, S. and {Hartlap}, J. and {White}, S.~D.~M. and {Schneider}, P.
        },
    title = "{Ray-tracing through the Millennium Simulation: Born corrections and lens-lens coupling in cosmic shear and galaxy-galaxy lensing}",
  journal = {\aap},
archivePrefix = "arXiv",
   eprint = {0809.5035},
 keywords = {gravitational lensing, dark matter, large-scale structure of Universe, cosmology: theory, methods: numerical},
     year = 2009,
    month = may,
   volume = 499,
    pages = {31-43},
      doi = {10.1051/0004-6361/200811054},
   adsurl = {http://adsabs.harvard.edu/abs/2009A%26A...499...31H},
  adsnote = {Provided by the SAO/NASA Astrophysics Data System}
}

% Describes the two-mesh gravity solver
@INPROCEEDINGS{2003AAS...203.9703T,
   author = {{Trac}, H. and {Pen}, U.},
    title = "{Out-of-Core Hydrodynamic Simulations of the IGM}",
booktitle = {American Astronomical Society Meeting Abstracts},
     year = 2003,
   series = {Bulletin of the American Astronomical Society},
   volume = 35,
    month = dec,
    pages = {1365},
   adsurl = {http://adsabs.harvard.edu/abs/2003AAS...203.9703T},
  adsnote = {Provided by the SAO/NASA Astrophysics Data System}
}

%Describes Units of cubep3m
@ARTICLE{2004NewA....9..443T,
   author = {{Trac}, H. and {Pen}, U.-L.},
    title = "{A moving frame algorithm for high Mach number hydrodynamics}",
  journal = {NewA},
   eprint = {arXiv:astro-ph/0309599},
 keywords = {Methods: numerical, Cosmology: theory, Large-scale structure of universe, Intergalactic medium},
     year = 2004,
    month = jul,
   volume = 9,
    pages = {443-465},
      doi = {10.1016/j.newast.2004.02.002},
   adsurl = {http://adsabs.harvard.edu/abs/2004NewA....9..443T},
  adsnote = {Provided by the SAO/NASA Astrophysics Data System}
}


%GOTPM
@ARTICLE{2004NewA....9..111D,
   author = {{Dubinski}, J. and {Kim}, J. and {Park}, C. and {Humble}, R.
	},
    title = "{GOTPM: a parallel hybrid particle-mesh treecode}",
  journal = {NewA},
   eprint = {arXiv:astro-ph/0304467},
 keywords = {Methods: n-body simulations, Methods: numerical, Dark matter},
     year = 2004,
    month = feb,
   volume = 9,
    pages = {111-126},
      doi = {10.1016/j.newast.2003.08.002},
   adsurl = {http://adsabs.harvard.edu/abs/2004NewA....9..111D},
  adsnote = {Provided by the SAO/NASA Astrophysics Data System}
}

%TPM
@ARTICLE{1995ApJS...98..355X,
   author = {{Xu}, G.},
    title = "{A New Parallel N-Body Gravity Solver: TPM}",
  journal = {\apjs},
   eprint = {arXiv:astro-ph/9409021},
 keywords = {METHODS: NUMERICAL},
     year = 1995,
    month = may,
   volume = 98,
    pages = {355},
      doi = {10.1086/192166},
   adsurl = {http://adsabs.harvard.edu/abs/1995ApJS...98..355X},
  adsnote = {Provided by the SAO/NASA Astrophysics Data System}
}

%Hydra
@ARTICLE{1991ApJ...368L..23C,
   author = {{Couchman}, H.~M.~P.},
    title = "{Mesh-refined P3M - A fast adaptive N-body algorithm}",
  journal = {\apjl},
 keywords = {COMPUTATIONAL ASTROPHYSICS, COMPUTATIONAL GRIDS, GALACTIC CLUSTERS, MANY BODY PROBLEM, PARTICLE DENSITY (CONCENTRATION), ALGORITHMS, FOURIER TRANSFORMATION},
     year = 1991,
    month = feb,
   volume = 368,
    pages = {L23-L26},
      doi = {10.1086/185939},
   adsurl = {http://adsabs.harvard.edu/abs/1991ApJ...368L..23C},
  adsnote = {Provided by the SAO/NASA Astrophysics Data System}
}

@ARTICLE{1994MNRAS.271..676L,
  author = {{Lacey}, C. and {Cole}, S.},
  title = {{Merger Rates in Hierarchical Models of Galaxy Formation - Part Two
	- Comparison with N-Body Simulations}},
  journal = {\mnras},
  year = {1994},
  volume = {271},
  pages = {676-+},
  month = dec,
  adsnote = {Provided by the SAO/NASA Astrophysics Data System},
  adsurl = {http://adsabs.harvard.edu/abs/1994MNRAS.271..676L},
  eprint = {arXiv:astro-ph/9402069}
}

@ARTICLE{2001MNRAS.325..468I,
   author = {{Iliev}, I.~T. and {Shapiro}, P.~R.},
    title = "{The post-collapse equilibrium structure of cosmological haloes in a low-density universe}",
  journal = {\mnras},
   eprint = {arXiv:astro-ph/0101067},
 keywords = {GALAXIES: CLUSTERS: GENERAL, GALAXIES: FORMATION, GALAXIES: HALOES, GALAXIES: KINEMATICS AND DYNAMICS, COSMOLOGY: THEORY, DARK MATTER},
     year = 2001,
    month = aug,
   volume = 325,
    pages = {468-482},
      doi = {10.1046/j.1365-8711.2001.04422.x},
   adsurl = {http://adsabs.harvard.edu/abs/2001MNRAS.325..468I},
  adsnote = {Provided by the SAO/NASA Astrophysics Data System}
}

@ARTICLE{1999MNRAS.307..203S,
  author = {{Shapiro}, P.~R. and {Iliev}, I.~T. and {Raga}, A.~C.},
  title = {{A model for the post-collapse equilibrium of cosmological structure:
	truncated isothermal spheres from top-hat density perturbations}},
  journal = {\mnras},
  year = {1999},
  volume = {307},
  pages = {203-224},
  month = jul,
  adsnote = {Provided by the NASA Astrophysics Data System},
  adsurl = {http://adsabs.harvard.edu/cgi-bin/nph-bib_query?bibcode=1999MNRAS.307..203S&db_key=AST}
}

@ARTICLE{1997ApJ...490..493N,
  author = {{Navarro}, J.~F. and {Frenk}, C.~S. and {White}, S.~D.~M.},
  title = {{A Universal Density Profile from Hierarchical Clustering}},
  journal = {\apj},
  year = {1997},
  volume = {490},
  pages = {493-+},
  month = dec,
  adsnote = {Provided by the NASA Astrophysics Data System},
  adsurl = {http://adsabs.harvard.edu/cgi-bin/nph-bib_query?bibcode=1997ApJ...490..493N&amp;db_key=AST}
}

@ARTICLE{1985ApJS...58...39B,
   author = {{Bertschinger}, E.},
    title = "{Self-similar secondary infall and accretion in an Einstein-de Sitter universe}",
  journal = {\apjs},
 keywords = {ACCRETION DISKS, BLACK HOLES (ASTRONOMY), COSMOLOGY, GALACTIC CLUSTERS, GALACTIC EVOLUTION, HYDRODYNAMICS, RELATIVITY, COLLISIONAL PLASMAS, COLLISIONLESS PLASMAS, DENSITY DISTRIBUTION, GALACTIC STRUCTURE, GRAVITATIONAL COLLAPSE, PERTURBATION THEORY, SHOCK WAVE PROPAGATION, SIMILARITY THEOREM},
     year = 1985,
    month = may,
   volume = 58,
    pages = {39-65},
      doi = {10.1086/191028},
   adsurl = {http://adsabs.harvard.edu/abs/1985ApJS...58...39B},
  adsnote = {Provided by the SAO/NASA Astrophysics Data System}
}

@ARTICLE{2009MNRAS.396...85D,
   author = {{Desjacques}, V. and {Seljak}, U. and {Iliev}, I.~T.},
    title = "{Scale-dependent bias induced by local non-Gaussianity: a comparison to N-body simulations}",
  journal = {\mnras},
archivePrefix = "arXiv",
   eprint = {0811.2748},
 keywords = {gravitation , galaxies: haloes , cosmology: theory , dark matter},
     year = 2009,
    month = jun,
   volume = 396,
    pages = {85-96},
      doi = {10.1111/j.1365-2966.2009.14721.x},
   adsurl = {http://adsabs.harvard.edu/abs/2009MNRAS.396...85D},
  adsnote = {Provided by the SAO/NASA Astrophysics Data System}
}

@ARTICLE{2010PhRvD..81b3006D,
   author = {{Desjacques}, V. and {Seljak}, U.},
    title = "{Signature of primordial non-Gaussianity of {\phiv}$^{3}$ type in the mass function and bias of dark matter haloes}",
  journal = {\prd},
archivePrefix = "arXiv",
   eprint = {0907.2257},
 primaryClass = "astro-ph.CO",
 keywords = {Galaxy groups, clusters, and superclusters; large scale structure of the Universe, Dark energy, Background radiations, Particle-theory and field-theory models of the early Universe},
     year = 2010,
    month = jan,
   volume = 81,
   number = 2,
      eid = {023006},
    pages = {023006},
      doi = {10.1103/PhysRevD.81.023006},
   adsurl = {http://adsabs.harvard.edu/abs/2010PhRvD..81b3006D},
  adsnote = {Provided by the SAO/NASA Astrophysics Data System}
}

@ARTICLE{2010MNRAS.406.1014S,
   author = {{Sefusatti}, E. and {Crocce}, M. and {Desjacques}, V.},
    title = "{The matter bispectrum in N-body simulations with non-Gaussian initial conditions}",
  journal = {\mnras},
archivePrefix = "arXiv",
   eprint = {1003.0007},
 primaryClass = "astro-ph.CO",
 keywords = {cosmology: theory, large-scale structure of the Universe},
     year = 2010,
    month = aug,
   volume = 406,
    pages = {1014-1028},
      doi = {10.1111/j.1365-2966.2010.16723.x},
   adsurl = {http://adsabs.harvard.edu/abs/2010MNRAS.406.1014S},
  adsnote = {Provided by the SAO/NASA Astrophysics Data System}
}

@ARTICLE{2011arXiv1111.6966S,
   author = {{Sefusatti}, E. and {Crocce}, M. and {Desjacques}, V.},
    title = "{The Halo Bispectrum in N-body Simulations with non-Gaussian Initial Conditions}",
  journal = {ArXiv e-prints},
archivePrefix = "arXiv",
   eprint = {1111.6966},
 primaryClass = "astro-ph.CO",
 keywords = {Astrophysics - Cosmology and Extragalactic Astrophysics, High Energy Physics - Phenomenology},
     year = 2011,
    month = nov,
   adsurl = {http://adsabs.harvard.edu/abs/2011arXiv1111.6966S},
  adsnote = {Provided by the SAO/NASA Astrophysics Data System}
}

@ARTICLE{2008arXiv0806.2887I,
  author = {{Iliev}, I.~T. and {Shapiro}, P.~R. and {Mellema}, G. and {Merz},
	H. and {Pen}, U.-L.},
  title = {{Simulating Cosmic Reionization}},
  journal = {in refereed proceedings of TeraGrid08, ArXiv e-prints (0806.2887)},
  year = {2008},
  month = jun,
  adsnote = {Provided by the SAO/NASA Astrophysics Data System},
  adsurl = {http://adsabs.harvard.edu/abs/2008arXiv0806.2887I},
  eprint = {0806.2887},
  keywords = {Astrophysics}
}

@ARTICLE{2010arXiv1005.2502I,
  author = {{Iliev}, I.~T. and {Ahn}, K. and {Koda}, J. and {Shapiro}, P.~R.
	and {Pen}, U.-L.},
  title = {{Cosmic Structure Formation at High Redshift}},
  journal = {proceedings paper for Moriond 2010 meeting (ArXiv:1005.2502)},
  year = {2010},
  month = may,
  adsnote = {Provided by the SAO/NASA Astrophysics Data System},
  adsurl = {http://adsabs.harvard.edu/abs/2010arXiv1005.2502I},
  archiveprefix = {arXiv},
  eprint = {1005.2502},
  keywords = {Astrophysics - Cosmology and Extragalactic Astrophysics}
}

@ARTICLE{2006MNRAS.369.1625I,
  author = {{Iliev}, I.~T. and {Mellema}, G. and {Pen}, U.-L. and {Merz}, H.
	and {Shapiro}, P.~R. and {Alvarez}, M.~A.},
  title = {{Simulating cosmic reionization at large scales - I. The geometry
	of reionization}},
  journal = {\mnras},
  year = {2006},
  volume = {369},
  pages = {1625-1638},
  month = jul,
  adsnote = {Provided by the Smithsonian/NASA Astrophysics Data System},
  adsurl = {http://adsabs.harvard.edu/cgi-bin/nph-bib_query?bibcode=2006MNRAS.369.1625I&db_key=AST},
  doi = {10.1111/j.1365-2966.2006.10502.x},
  eprint = {astro-ph/0512187}
}

@ARTICLE{2007ApJ...654...12Z,
  author = {{Zahn}, O. and {Lidz}, A. and {McQuinn}, M. and {Dutta}, S. and {Hernquist},
	L. and {Zaldarriaga}, M. and {Furlanetto}, S.~R. },
  title = {{Simulations and Analytic Calculations of Bubble Growth during Hydrogen
	Reionization}},
  journal = {\apj},
  year = {2007},
  volume = {654},
  pages = {12-26},
  month = jan,
  adsnote = {Provided by the Smithsonian/NASA Astrophysics Data System},
  adsurl = {http://adsabs.harvard.edu/cgi-bin/nph-bib_query?bibcode=2007ApJ...654...12Z&db_key=AST},
  doi = {10.1086/509597},
  eprint = {astro-ph/0604177}
}

@ARTICLE{2007ApJ...671....1T,
  author = {{Trac}, H. and {Cen}, R.},
  title = {{Radiative Transfer Simulations of Cosmic Reionization. I. Methodology
	and Initial Results}},
  journal = {\apj},
  year = {2007},
  volume = {671},
  pages = {1-13},
  month = dec,
  adsnote = {Provided by the SAO/NASA Astrophysics Data System},
  adsurl = {http://adsabs.harvard.edu/abs/2007ApJ...671....1T},
  doi = {10.1086/522566},
  eprint = {arXiv:astro-ph/0612406},
  keywords = {Cosmology: Theory, Galaxies: Formation, Galaxies: Intergalactic Medium,
	Cosmology: Large-Scale Structure of Universe, Methods: Numerical,
	Radiative Transfer, Stars: Formation}
}

@ARTICLE{2011arXiv1107.4772I,
  author = {{Iliev}, I.~T. and {Mellema}, G. and {Shapiro}, P.~R. and {Pen},
	U.-L. and {Mao}, Y. and {Koda}, J. and {Ahn}, K.},
  title = {{Can 21-cm observations discriminate between high-mass and low-mass
	galaxies as reionization sources?}},
  journal = {ArXiv e-prints},
  year = {2011},
  month = jul,
  adsnote = {Provided by the SAO/NASA Astrophysics Data System},
  adsurl = {http://adsabs.harvard.edu/abs/2011arXiv1107.4772I},
  archiveprefix = {arXiv},
  eprint = {1107.4772},
  keywords = {Astrophysics - Cosmology and Extragalactic Astrophysics},
  primaryclass = {astro-ph.CO}
}

@ARTICLE{Fernandez:2011ab,
  author = {Fernandez, Elizabeth R. and Iliev, Ilian T. and Komatsu, Eiichiro
	and Shapiro, Paul R.},
  title = {{The Cosmic Near Infrared Background III: Fluctuations, Reionization
	and the Effects of Minimum Mass and Self-regulation}},
  year = {2011},
  journal = {arXiv:1112.2064},
  archiveprefix = {arXiv},
  eprint = {1112.2064},
  primaryclass = {astro-ph.CO},
  reportnumber = {TCC-029-11},
  slaccitation = {%%CITATION = ARXIV:1112.2064;%%}
}

@ARTICLE{2011MNRAS.413.1353F,
  author = {{Friedrich}, M.~M. and {Mellema}, G. and {Alvarez}, M.~A. and {Shapiro},
	P.~R. and {Iliev}, I.~T.},
  title = {{Topology and sizes of H II regions during cosmic reionization}},
  journal = {\mnras},
  year = {2011},
  volume = {413},
  pages = {1353-1372},
  month = may,
  adsnote = {Provided by the SAO/NASA Astrophysics Data System},
  adsurl = {http://adsabs.harvard.edu/abs/2011MNRAS.413.1353F},
  archiveprefix = {arXiv},
  doi = {10.1111/j.1365-2966.2011.18219.x},
  eprint = {1006.2016},
  keywords = {ISM: bubbles, H II regions, galaxies: formation, galaxies: high-redshift,
	intergalactic medium, cosmology: theory},
  primaryclass = {astro-ph.CO}
}

@ARTICLE{Datta:2011hv,
  author = {Datta, Kanan K. and Mellema, Garrelt and Mao, Yi and Iliev, Ilian
	T. and Shapiro, Paul R. and others},
  title = {{Light cone effect on the reionization 21-cm power spectrum}},
  year = {2011},
  journal = {arXiv:1109.1284},
  archiveprefix = {arXiv},
  eprint = {1109.1284},
  primaryclass = {astro-ph.CO},
  slaccitation = {%%CITATION = ARXIV:1109.1284;%%}
}

@ARTICLE{2012arXiv1203.0517F,
   author = {{Friedrich}, M.~M. and {Datta}, K.~K. and {Mellema}, G. and 
	{Iliev}, I.~T.},
    title = "{Prospects of observing a quasar HII region during the Epoch of Reionization with redshifted 21cm}",
  journal = {ArXiv e-prints},
archivePrefix = "arXiv",
   eprint = {1203.0517},
 primaryClass = "astro-ph.CO",
 keywords = {Astrophysics - Cosmology and Extragalactic Astrophysics},
     year = 2012,
    month = mar,
   adsurl = {http://adsabs.harvard.edu/abs/2012arXiv1203.0517F},
  adsnote = {Provided by the SAO/NASA Astrophysics Data System}
}

@ARTICLE{2012MNRAS.422..926M,
   author = {{Mao}, Y. and {Shapiro}, P.~R. and {Mellema}, G. and {Iliev}, I.~T. and 
	{Koda}, J. and {Ahn}, K.},
    title = "{Redshift-space distortion of the 21-cm background from the epoch of reionization - I. Methodology re-examined}",
  journal = {\mnras},
archivePrefix = "arXiv",
   eprint = {1104.2094},
 primaryClass = "astro-ph.CO",
 keywords = {radiative transfer, methods: analytical, methods: numerical, intergalactic medium, cosmology: theory, dark ages, reionization, first stars},
     year = 2012,
    month = may,
   volume = 422,
    pages = {926-954},
      doi = {10.1111/j.1365-2966.2012.20471.x},
   adsurl = {http://adsabs.harvard.edu/abs/2012MNRAS.422..926M},
  adsnote = {Provided by the SAO/NASA Astrophysics Data System}
}

@ARTICLE{2012MNRAS.tmp.2794I,
   author = {{Ilie}, C. and {Freese}, K. and {Valluri}, M. and {Iliev}, I.~T. and 
	{Shapiro}, P.~R.},
    title = "{Observing supermassive dark stars with James Webb Space Telescope}",
  journal = {\mnras},
 keywords = {stars: Population III, stars: pre-main-sequence, galaxies: high-redshift, dark ages, reionization, first stars, dark matter},
     year = 2012,
    month = apr,
    pages = {2794},
      doi = {10.1111/j.1365-2966.2012.20760.x},
   adsurl = {http://adsabs.harvard.edu/abs/2012MNRAS.tmp.2794I},
  adsnote = {Provided by the SAO/NASA Astrophysics Data System}
}

@ARTICLE{2010MNRAS.407L..74Z,
   author = {{Zackrisson}, E. and {Scott}, P. and {Rydberg}, C.-E. and {Iocco}, F. and 
	{Sivertsson}, S. and {{\"O}stlin}, G. and {Mellema}, G. and 
	{Iliev}, I.~T. and {Shapiro}, P.~R.},
    title = "{Observational constraints on supermassive dark stars}",
  journal = {\mnras},
archivePrefix = "arXiv",
   eprint = {1006.0481},
 primaryClass = "astro-ph.CO",
 keywords = {stars: Population III, dark ages, reionization, first stars, dark matter},
     year = 2010,
    month = sep,
   volume = 407,
    pages = {L74-L78},
      doi = {10.1111/j.1745-3933.2010.00908.x},
   adsurl = {http://adsabs.harvard.edu/abs/2010MNRAS.407L..74Z},
  adsnote = {Provided by the SAO/NASA Astrophysics Data System}
}

@ARTICLE{2008ApJ...688..709T,
  author = {{Tinker}, J. and {Kravtsov}, A.~V. and {Klypin}, A. and {Abazajian},
	K. and {Warren}, M. and {Yepes}, G. and {Gottl{\"o}ber}, S. and {Holz},
	D.~E. },
  title = {{Toward a Halo Mass Function for Precision Cosmology: The Limits
	of Universality}},
  journal = {\apj},
  year = {2008},
  volume = {688},
  pages = {709-728},
  month = dec,
  adsnote = {Provided by the SAO/NASA Astrophysics Data System},
  adsurl = {http://adsabs.harvard.edu/abs/2008ApJ...688..709T},
  archiveprefix = {arXiv},
  doi = {10.1086/591439},
  eprint = {0803.2706},
  keywords = {Cosmology: Theory, Cosmology: Large-Scale Structure of Universe, Methods:
	Numerical}
}

@ARTICLE{2002MNRAS.329...61S,
  author = {{Sheth}, R.~K. and {Tormen}, G.},
  title = {{An excursion set model of hierarchical clustering: ellipsoidal collapse
	and the moving barrier}},
  journal = {\mnras},
  year = {2002},
  volume = {329},
  pages = {61-75},
  month = jan,
  adsnote = {Provided by the Smithsonian/NASA Astrophysics Data System},
  adsurl = {http://adsabs.harvard.edu/cgi-bin/nph-bib_query?bibcode=2002MNRAS.329...61S&db_key=AST},
  doi = {10.1046/j.1365-8711.2002.04950.x}
}

@ARTICLE{2007MNRAS.374....2R,
  author = {{Reed}, D.~S. and {Bower}, R. and {Frenk}, C.~S. and {Jenkins}, A.
	and {Theuns}, T.},
  title = {{The halo mass function from the dark ages through the present day}},
  journal = {\mnras},
  year = {2007},
  volume = {374},
  pages = {2-15},
  month = jan,
  adsnote = {Provided by the SAO/NASA Astrophysics Data System},
  adsurl = {http://adsabs.harvard.edu/abs/2007MNRAS.374....2R},
  doi = {10.1111/j.1365-2966.2006.11204.x},
  eprint = {arXiv:astro-ph/0607150},
  keywords = {methods: N-body simulations, galaxies: formation, galaxies: haloes,
	cosmology: theory, dark matter}
}

@ARTICLE{2012arXiv1202.2332H,
   author = {{Harnois-Deraps}, J. and {Vafaei}, S. and {Van Waerbeke}, L.
	},
    title = "{Gravitational Lensing Simulations I : Covariance Matrices and Halo Catalogues}",
  journal = {ArXiv e-prints},
archivePrefix = "arXiv",
   eprint = {1202.2332},
 primaryClass = "astro-ph.CO",
 keywords = {Astrophysics - Cosmology and Extragalactic Astrophysics},
     year = 2012,
    month = feb,
   adsurl = {http://adsabs.harvard.edu/abs/2012arXiv1202.2332H},
  adsnote = {Provided by the SAO/NASA Astrophysics Data System}
}

%WMAP5-cosmology
@ARTICLE{2009ApJS..180..330K,
   author = {{Komatsu}, E. and {Dunkley}, J. and {Nolta}, M.~R. and {Bennett}, C.~L. and
    {Gold}, B. and {Hinshaw}, G. and {Jarosik}, N. and {Larson}, D. and
    {Limon}, M. and {Page}, L. and {Spergel}, D.~N. and {Halpern}, M. and
    {Hill}, R.~S. and {Kogut}, A. and {Meyer}, S.~S. and {Tucker}, G.~S. and
    {Weiland}, J.~L. and {Wollack}, E. and {Wright}, E.~L.},
    title = "{Five-Year Wilkinson Microwave Anisotropy Probe Observations: Cosmological Interpretation}",
  journal = {\apjs},
archivePrefix = "arXiv",
   eprint = {0803.0547},
 keywords = {cosmic microwave background, cosmology: observations, dark matter, early universe, instrumentation: detectors, space vehicles: instruments, telescopes},
     year = 2009,
    month = feb,
   volume = 180,
    pages = {330-376},
      doi = {10.1088/0067-0049/180/2/330},
   adsurl = {http://adsabs.harvard.edu/abs/2009ApJS..180..330K},
  adsnote = {Provided by the SAO/NASA Astrophysics Data System}
}
%WMAP-7
@ARTICLE{2011ApJS..192...18K,
   author = {{Komatsu}, E. and others},
    title = "{Seven-year Wilkinson Microwave Anisotropy Probe (WMAP) Observations: Cosmological Interpretation}",
  journal = {\apjs},
archivePrefix = "arXiv",
   eprint = {1001.4538},
 primaryClass = "astro-ph.CO",
 keywords = {cosmic background radiation, cosmology: observations, dark matter, early universe, space vehicles},
     year = 2011,
    month = feb,
   volume = 192,
      eid = {18},
    pages = {18},
      doi = {10.1088/0067-0049/192/2/18},
   adsurl = {http://adsabs.harvard.edu/abs/2011ApJS..192...18K},
  adsnote = {Provided by the SAO/NASA Astrophysics Data System}
}

%Wavelets + Reco
@ARTICLE{2012arXiv1205.4989H,
   author = {{Harnois-Deraps}, J. and {Yu}, H.-R. and {Zhang}, T.-J. and 
	{Pen}, U.-L.},
    title = "{Optimizing the Recovery of Fisher Information in the Dark Matter Power Spectrum}",
  journal = {ArXiv e-prints},
archivePrefix = "arXiv",
   eprint = {1205.4989},
 primaryClass = "astro-ph.CO",
 keywords = {Astrophysics - Cosmology and Extragalactic Astrophysics},
     year = 2012,
    month = may,
   adsurl = {http://adsabs.harvard.edu/abs/2012arXiv1205.4989H},
  adsnote = {Provided by the SAO/NASA Astrophysics Data System}
}

%3dFFT on Blue Gene
@ARTICLE{3DFFT,
author = {{ Eleftheriou}, M. and {Fitch}, B. G. and {Rayshubskiy}, A. and  {Ward}, T. J. C. and {Germain}, R. S.},
 title = "{Scalable framework for 3D FFTs on the Blue Gene/L supercomputer: Implementation and early performance measurements}",
  journal = { IBM J. Res. Dev.},
     year = 2005,
    month = march,
    volume = 49,
      eid = {2.3},
    pages = {457},
     doi = {10.1147/rd.492.0457}
}


%C2-ray
@ARTICLE{2006NewA...11..374M,
   author = {{Mellema}, G. and {Iliev}, I.~T. and {Alvarez}, M.~A. and {Shapiro}, P.~R.
	},
    title = "{C$^{2}$-ray: A new method for photon-conserving transport of ionizing radiation}",
  journal = {New Astronomy},
   eprint = {arXiv:astro-ph/0508416},
     year = 2006,
    month = mar,
   volume = 11,
    pages = {374-395},
      doi = {10.1016/j.newast.2005.09.004},
   adsurl = {http://adsabs.harvard.edu/abs/2006NewA...11..374M},
  adsnote = {Provided by the SAO/NASA Astrophysics Data System}
}

